<record><leader>00000cas a22000007a 4500</leader><controlfield tag="001">16370803</controlfield><controlfield tag="008">870803u1973uuuuinuwr ne      0    0eng d</controlfield><datafield ind1=" " ind2=" " tag="010"><subfield code="a">sn 87056476 </subfield></datafield><datafield ind1=" " ind2=" " tag="040"><subfield code="a">NPI</subfield><subfield code="b">eng</subfield><subfield code="c">NPI</subfield><subfield code="d">OCLCQ</subfield></datafield><datafield ind1=" " ind2=" " tag="042"><subfield code="a">msc</subfield></datafield><datafield ind1="0" ind2="4" tag="245"><subfield code="a">The Eastside challenger.</subfield></datafield><datafield ind1=" " ind2=" " tag="260"><subfield code="a">[Indianapolis, Ind.] :</subfield><subfield code="b">John Hardin &amp; Sonney Sanders</subfield></datafield><datafield ind1=" " ind2=" " tag="310"><subfield code="a">Weekly</subfield></datafield><datafield ind1="1" ind2=" " tag="362"><subfield code="a">Began with May 17, 1973 issue.</subfield></datafield><datafield ind1=" " ind2=" " tag="580"><subfield code="a">Also published in a Southside ed. called: The Southside challenger.</subfield></datafield><datafield ind1=" " ind2=" " tag="588"><subfield code="a">Description based on: Vol. 1, no. 2 (May 24, 1973).</subfield></datafield><datafield ind1=" " ind2=" " tag="752"><subfield code="a">United States</subfield><subfield code="b">Indiana</subfield><subfield code="c">Marion</subfield><subfield code="d">Indianapolis.</subfield></datafield><datafield ind1="1" ind2=" " tag="775"><subfield code="t">Southside challenger</subfield><subfield code="w">(DLC)sn 85047658</subfield></datafield><datafield ind1="1" ind2=" " tag="029"><subfield code="a">AU@</subfield><subfield code="b">000025827981</subfield></datafield></record>